%% This BibTeX bibliography file was created using BibDesk.
%% http://bibdesk.sourceforge.net/


%% Created for Wesley at 2013-05-23 10:48:16 -0500 


%% Saved with string encoding Unicode (UTF-8) 



@article{Nieto-Barajas:2013,
	Author = {L.E. Nieto-Barajas and D. Bandyopadhyay},
	Date-Added = {2013-05-23 15:45:50 +0000},
	Date-Modified = {2013-05-23 15:47:31 +0000},
	Journal = {Journal of Agricultural Biological and Environmental Statistics},
	Title = {A zero-inflated spatial gamma process model with applications to disease mapping},
	Year = {2013},
	Bdsk-File-1 = {YnBsaXN0MDDUAQIDBAUGJCVYJHZlcnNpb25YJG9iamVjdHNZJGFyY2hpdmVyVCR0b3ASAAGGoKgHCBMUFRYaIVUkbnVsbNMJCgsMDRBWJGNsYXNzV05TLmtleXNaTlMub2JqZWN0c4AHog4PgAKAA6IREoAEgAVccmVsYXRpdmVQYXRoWWFsaWFzRGF0YV8QG3BkZnMvTmlldG8tQmFyYWphcy0yMDEzLnBkZtIJFxgZV05TLmRhdGGABk8RAb4AAAAAAb4AAgAACHNrdWxsIEhEAAAAAAAAAAAAAAAAAAAAAAAAAMromhVIKwAAAcdTKhZOaWV0by1CYXJhamFzLTIwMTMucGRmAAAAAAAAAAAAAAAAAAAAAAAAAAAAAAAAAAAAAAAAAAAAAAAAAAAAAAAB0pE2zcOjogAAAAAAAAAAAAEAAwAACSAAAAAAAAAAAAAAAAAAAAAEcGRmcwAQAAgAAMro7nUAAAARAAgAAM3D6fIAAAABABgBx1MqAcdTJwGQNk4ADPIpAAvjQgAL4TMAAgBNc2t1bGwgSEQ6VXNlcnM6AHdlc2xleToAZ2l0OgBwYWxlb246AHJlZmVyZW5jZXM6AHBkZnM6AE5pZXRvLUJhcmFqYXMtMjAxMy5wZGYAAA4ALgAWAE4AaQBlAHQAbwAtAEIAYQByAGEAagBhAHMALQAyADAAMQAzAC4AcABkAGYADwASAAgAcwBrAHUAbABsACAASABEABIAPlVzZXJzL3dlc2xleS9naXQvcGFsZW9uL3JlZmVyZW5jZXMvcGRmcy9OaWV0by1CYXJhamFzLTIwMTMucGRmABMAAS8AABUAAgAN//8AANIbHB0eWiRjbGFzc25hbWVYJGNsYXNzZXNdTlNNdXRhYmxlRGF0YaMdHyBWTlNEYXRhWE5TT2JqZWN00hscIiNcTlNEaWN0aW9uYXJ5oiIgXxAPTlNLZXllZEFyY2hpdmVy0SYnVHJvb3SAAQAIABEAGgAjAC0AMgA3AEAARgBNAFQAXABnAGkAbABuAHAAcwB1AHcAhACOAKwAsQC5ALsCfQKCAo0ClgKkAqgCrwK4Ar0CygLNAt8C4gLnAAAAAAAAAgEAAAAAAAAAKAAAAAAAAAAAAAAAAAAAAuk=}}

@article{Stefansson:1996,
	Author = {Gunnar Stefansson},
	Date-Added = {2013-05-09 21:12:35 +0000},
	Date-Modified = {2013-05-09 21:14:15 +0000},
	Journal = {ICES Journal of Marine Science},
	Pages = {577-588},
	Title = {Analysis of groundfish survey abundance data: combining the GLM and delta approaches},
	Volume = {53},
	Year = {1996},
	Bdsk-File-1 = {YnBsaXN0MDDUAQIDBAUGJCVYJHZlcnNpb25YJG9iamVjdHNZJGFyY2hpdmVyVCR0b3ASAAGGoKgHCBMUFRYaIVUkbnVsbNMJCgsMDRBWJGNsYXNzV05TLmtleXNaTlMub2JqZWN0c4AHog4PgAKAA6IREoAEgAVccmVsYXRpdmVQYXRoWWFsaWFzRGF0YV8QGHBkZnMvU3RlZmFuc3Nvbi0xOTk2LnBkZtIJFxgZV05TLmRhdGGABk8RAbIAAAAAAbIAAgAACHNrdWxsIEhEAAAAAAAAAAAAAAAAAAAAAAAAAMromhVIKwAAAcdTKhNTdGVmYW5zc29uLTE5OTYucGRmAAAAAAAAAAAAAAAAAAAAAAAAAAAAAAAAAAAAAAAAAAAAAAAAAAAAAAAAAAABx8g8zbF7xQAAAAAAAAAAAAEAAwAACSAAAAAAAAAAAAAAAAAAAAAEcGRmcwAQAAgAAMro7nUAAAARAAgAAM2xwhUAAAABABgBx1MqAcdTJwGQNk4ADPIpAAvjQgAL4TMAAgBKc2t1bGwgSEQ6VXNlcnM6AHdlc2xleToAZ2l0OgBwYWxlb246AHJlZmVyZW5jZXM6AHBkZnM6AFN0ZWZhbnNzb24tMTk5Ni5wZGYADgAoABMAUwB0AGUAZgBhAG4AcwBzAG8AbgAtADEAOQA5ADYALgBwAGQAZgAPABIACABzAGsAdQBsAGwAIABIAEQAEgA7VXNlcnMvd2VzbGV5L2dpdC9wYWxlb24vcmVmZXJlbmNlcy9wZGZzL1N0ZWZhbnNzb24tMTk5Ni5wZGYAABMAAS8AABUAAgAN//8AANIbHB0eWiRjbGFzc25hbWVYJGNsYXNzZXNdTlNNdXRhYmxlRGF0YaMdHyBWTlNEYXRhWE5TT2JqZWN00hscIiNcTlNEaWN0aW9uYXJ5oiIgXxAPTlNLZXllZEFyY2hpdmVy0SYnVHJvb3SAAQAIABEAGgAjAC0AMgA3AEAARgBNAFQAXABnAGkAbABuAHAAcwB1AHcAhACOAKkArgC2ALgCbgJzAn4ChwKVApkCoAKpAq4CuwK+AtAC0wLYAAAAAAAAAgEAAAAAAAAAKAAAAAAAAAAAAAAAAAAAAto=}}

@article{Pennington:1983,
	Author = {Michael Pennington},
	Date-Added = {2013-05-09 20:17:53 +0000},
	Date-Modified = {2013-05-09 20:18:54 +0000},
	Journal = {Biometrics},
	Pages = {281-286},
	Title = {Efficient estimators of abundance for fish and plankton surveys},
	Volume = {39},
	Year = {1983},
	Bdsk-File-1 = {YnBsaXN0MDDUAQIDBAUGJCVYJHZlcnNpb25YJG9iamVjdHNZJGFyY2hpdmVyVCR0b3ASAAGGoKgHCBMUFRYaIVUkbnVsbNMJCgsMDRBWJGNsYXNzV05TLmtleXNaTlMub2JqZWN0c4AHog4PgAKAA6IREoAEgAVccmVsYXRpdmVQYXRoWWFsaWFzRGF0YV8QGHBkZnMvUGVubmluZ3Rvbi0xOTgzLnBkZtIJFxgZV05TLmRhdGGABk8RAbIAAAAAAbIAAgAACHNrdWxsIEhEAAAAAAAAAAAAAAAAAAAAAAAAAMromhVIKwAAAcdTKhNQZW5uaW5ndG9uLTE5ODMucGRmAAAAAAAAAAAAAAAAAAAAAAAAAAAAAAAAAAAAAAAAAAAAAAAAAAAAAAAAAAABx6j3zbFufwAAAAAAAAAAAAEAAwAACSAAAAAAAAAAAAAAAAAAAAAEcGRmcwAQAAgAAMro7nUAAAARAAgAAM2xtM8AAAABABgBx1MqAcdTJwGQNk4ADPIpAAvjQgAL4TMAAgBKc2t1bGwgSEQ6VXNlcnM6AHdlc2xleToAZ2l0OgBwYWxlb246AHJlZmVyZW5jZXM6AHBkZnM6AFBlbm5pbmd0b24tMTk4My5wZGYADgAoABMAUABlAG4AbgBpAG4AZwB0AG8AbgAtADEAOQA4ADMALgBwAGQAZgAPABIACABzAGsAdQBsAGwAIABIAEQAEgA7VXNlcnMvd2VzbGV5L2dpdC9wYWxlb24vcmVmZXJlbmNlcy9wZGZzL1Blbm5pbmd0b24tMTk4My5wZGYAABMAAS8AABUAAgAN//8AANIbHB0eWiRjbGFzc25hbWVYJGNsYXNzZXNdTlNNdXRhYmxlRGF0YaMdHyBWTlNEYXRhWE5TT2JqZWN00hscIiNcTlNEaWN0aW9uYXJ5oiIgXxAPTlNLZXllZEFyY2hpdmVy0SYnVHJvb3SAAQAIABEAGgAjAC0AMgA3AEAARgBNAFQAXABnAGkAbABuAHAAcwB1AHcAhACOAKkArgC2ALgCbgJzAn4ChwKVApkCoAKpAq4CuwK+AtAC0wLYAAAAAAAAAgEAAAAAAAAAKAAAAAAAAAAAAAAAAAAAAto=}}

@article{Dunn:2005,
	Author = {Peter Dunn and Gordon Smyth},
	Date-Added = {2013-05-09 17:02:46 +0000},
	Date-Modified = {2013-05-09 17:04:30 +0000},
	Journal = {Statistics and Computing},
	Pages = {267-280},
	Title = {Series evaluation of Tweedie exponential dispersion model densities},
	Volume = {15},
	Year = {2005},
	Bdsk-File-1 = {YnBsaXN0MDDUAQIDBAUGJCVYJHZlcnNpb25YJG9iamVjdHNZJGFyY2hpdmVyVCR0b3ASAAGGoKgHCBMUFRYaIVUkbnVsbNMJCgsMDRBWJGNsYXNzV05TLmtleXNaTlMub2JqZWN0c4AHog4PgAKAA6IREoAEgAVccmVsYXRpdmVQYXRoWWFsaWFzRGF0YV8QEnBkZnMvRHVubi0yMDA1LnBkZtIJFxgZV05TLmRhdGGABk8RAZoAAAAAAZoAAgAACHNrdWxsIEhEAAAAAAAAAAAAAAAAAAAAAAAAAMromhVIKwAAAcdTKg1EdW5uLTIwMDUucGRmAAAAAAAAAAAAAAAAAAAAAAAAAAAAAAAAAAAAAAAAAAAAAAAAAAAAAAAAAAAAAAAAAAABx1V/zbFBOgAAAAAAAAAAAAEAAwAACSAAAAAAAAAAAAAAAAAAAAAEcGRmcwAQAAgAAMro7nUAAAARAAgAAM2xh4oAAAABABgBx1MqAcdTJwGQNk4ADPIpAAvjQgAL4TMAAgBEc2t1bGwgSEQ6VXNlcnM6AHdlc2xleToAZ2l0OgBwYWxlb246AHJlZmVyZW5jZXM6AHBkZnM6AER1bm4tMjAwNS5wZGYADgAcAA0ARAB1AG4AbgAtADIAMAAwADUALgBwAGQAZgAPABIACABzAGsAdQBsAGwAIABIAEQAEgA1VXNlcnMvd2VzbGV5L2dpdC9wYWxlb24vcmVmZXJlbmNlcy9wZGZzL0R1bm4tMjAwNS5wZGYAABMAAS8AABUAAgAN//8AANIbHB0eWiRjbGFzc25hbWVYJGNsYXNzZXNdTlNNdXRhYmxlRGF0YaMdHyBWTlNEYXRhWE5TT2JqZWN00hscIiNcTlNEaWN0aW9uYXJ5oiIgXxAPTlNLZXllZEFyY2hpdmVy0SYnVHJvb3SAAQAIABEAGgAjAC0AMgA3AEAARgBNAFQAXABnAGkAbABuAHAAcwB1AHcAhACOAKMAqACwALICUAJVAmACaQJ3AnsCggKLApACnQKgArICtQK6AAAAAAAAAgEAAAAAAAAAKAAAAAAAAAAAAAAAAAAAArw=}}

@article{Foster:2012,
	Author = {Scott Foster and Mark Bravington},
	Date-Added = {2013-05-09 16:56:50 +0000},
	Date-Modified = {2013-05-09 17:00:22 +0000},
	Journal = {Environmental and Ecological Statistics},
	Month = {December},
	Title = {A poisson-gamma model for analysis of ecological non-negative continuous data},
	Year = {2012},
	Bdsk-File-1 = {YnBsaXN0MDDUAQIDBAUGJCVYJHZlcnNpb25YJG9iamVjdHNZJGFyY2hpdmVyVCR0b3ASAAGGoKgHCBMUFRYaIVUkbnVsbNMJCgsMDRBWJGNsYXNzV05TLmtleXNaTlMub2JqZWN0c4AHog4PgAKAA6IREoAEgAVccmVsYXRpdmVQYXRoWWFsaWFzRGF0YV8QFHBkZnMvRm9zdGVyLTIwMTIucGRm0gkXGBlXTlMuZGF0YYAGTxEBogAAAAABogACAAAIc2t1bGwgSEQAAAAAAAAAAAAAAAAAAAAAAAAAyuiaFUgrAAABx1MqD0Zvc3Rlci0yMDEyLnBkZgAAAAAAAAAAAAAAAAAAAAAAAAAAAAAAAAAAAAAAAAAAAAAAAAAAAAAAAAAAAAAAAAHHU6DNsT+PAAAAAAAAAAAAAQADAAAJIAAAAAAAAAAAAAAAAAAAAARwZGZzABAACAAAyujudQAAABEACAAAzbGF3wAAAAEAGAHHUyoBx1MnAZA2TgAM8ikAC+NCAAvhMwACAEZza3VsbCBIRDpVc2VyczoAd2VzbGV5OgBnaXQ6AHBhbGVvbjoAcmVmZXJlbmNlczoAcGRmczoARm9zdGVyLTIwMTIucGRmAA4AIAAPAEYAbwBzAHQAZQByAC0AMgAwADEAMgAuAHAAZABmAA8AEgAIAHMAawB1AGwAbAAgAEgARAASADdVc2Vycy93ZXNsZXkvZ2l0L3BhbGVvbi9yZWZlcmVuY2VzL3BkZnMvRm9zdGVyLTIwMTIucGRmAAATAAEvAAAVAAIADf//AADSGxwdHlokY2xhc3NuYW1lWCRjbGFzc2VzXU5TTXV0YWJsZURhdGGjHR8gVk5TRGF0YVhOU09iamVjdNIbHCIjXE5TRGljdGlvbmFyeaIiIF8QD05TS2V5ZWRBcmNoaXZlctEmJ1Ryb290gAEACAARABoAIwAtADIANwBAAEYATQBUAFwAZwBpAGwAbgBwAHMAdQB3AIQAjgClAKoAsgC0AloCXwJqAnMCgQKFAowClQKaAqcCqgK8Ar8CxAAAAAAAAAIBAAAAAAAAACgAAAAAAAAAAAAAAAAAAALG}}
