%% LaTeX2e file `notes.bib'
%% generated by the `filecontents' environment
%% from source `notes' on 2013/11/22.
%%
@book{Wood-2006,
title = {Generalized additive models: an introduction with R},
author = {Wood, Simon},
location = {Boca Raton},
publisher = {Chapman and Hall},
year = {2006},
}
